@online{williams,
    author      = {Alex Williams},
    title       = {A Short Introduction to Optimal Transport and Wasserstein Distance},
    year        = 2020,
    url         = {https://alexhwilliams.info/itsneuronalblog/2020/10/09/optimal-transport/},
    urldate     = {2024-05-19}
    }

@article{gatys,
    author      = {Leon A. Gatys and
                  Alexander S. Ecker and
                  Matthias Bethge},
    title       = {A Neural Algorithm of Artistic Style},
    journal     = {CoRR},
    volume      = {abs/1508.06576},
    year        = {2015},
    url         = {http://arxiv.org/abs/1508.06576},
    eprinttype  = {arXiv},
    eprint      = {1508.06576},
    timestamp   = {Thu, 14 Oct 2021 09:16:23 +0200},
    biburl      = {https://dblp.org/rec/journals/corr/GatysEB15a.bib},
    bibsource   = {dblp computer science bibliography, https://dblp.org}
    }

@online{froehling, 
    title       = {Mixed neural style transfer with two style images}, 
    url         = {https://towardsdatascience.com/mixed-neural-style-transfer-with-two-style-images-9469b2681b54}, 
    journal     = {Medium}, 
    publisher   = {Towards Data Science}, 
    author      = {Froehling, Paul}, 
    year        = {2021}, 
    month       = {Dec},
    urldate     = {2024-05-19}
    } 

@online{Marron, 
    url         = {https://github.com/VinceMarron/style_transfer/blob/master/style-transfer-theory.pdf}, 
    journal     = {Style Transfer as Optimal Transport}, 
    author      = {Marron, Vincent},
    urldate     = {2024-05-19}
    }

@article{heitz,
    author      = {Eric Heitz and
                  Kenneth Vanhoey and
                  Thomas Chambon and
                  Laurent Belcour},
    title       = {Pitfalls of the Gram Loss for Neural Texture Synthesis in Light of
                  Deep Feature Histograms},
    journal     = {CoRR},
    volume      = {abs/2006.07229},
    year        = {2020},
    url         = {https://arxiv.org/abs/2006.07229},
    eprinttype  = {arXiv},
    eprint      = {2006.07229},
    timestamp   = {Wed, 17 Jun 2020 14:28:54 +0200},
    biburl      = {https://dblp.org/rec/journals/corr/abs-2006-07229.bib},
    bibsource   = {dblp computer science bibliography, https://dblp.org}
}